@article{BennettJComputPhys1976,
  author = {Bennett, Charles H.},
  title = {{Efficient Estimation of Free Energy Differences from Monte Carlo Data}},
  journal = {J. Comput. Phys.},
  volume = {22},
  number = {2},
  pages = {245-268},
  year = {1976},
  doi = {http://dx.doi.org/10.1016/0021-9991(76)90078-4},
  url = {http://www.sciencedirect.com/science/article/pii/0021999176900784},
}

@article{ChoderaJCTC2007,
  author = {Chodera, John D. and Swope, William C. and Pitera, Jed W. and Seok, Chaok and Dill, Ken A.},
  title = {{Use of the Weighted Histogram Analysis Method for the Analysis of Simulated and Parallel Tempering Simulations}},
  journal = {J. Chem. Theory Comput.},
  volume = {3},
  number = {1},
  pages = {26-41},
  year = {2007},
}

@article{ChristJCP2007,
  author = {Christ, Clara D. and van Gunsteren, Wilfred F.},
  title = {Enveloping distribution sampling: A method to calculate free energy differences from a single simulation},
  journal = {J. Chem. Phys.},
  volume = {126},
  number = {18},
  pages = {184110},
  year = {2007},
  doi = {10.1063/1.2730508},
  URL = {http://dx.doi.org/10.1063/1.2730508},
}

@article{CrooksPRE2000,
  author = {Crooks, Gavin E.},
  title = {{Path-ensemble Averages in Systems Driven Far From Equilibrium}},
  journal = {Phys. Rev. E},
  volume = {61},
  issue = {3},
  pages = {2361--2366},
  year = {2000},
  doi = {10.1103/PhysRevE.61.2361},
  url = {https://link.aps.org/doi/10.1103/PhysRevE.61.2361}
}

@article{CrooksJSP1998,
  author={Crooks, G.},
  title={{Nonequilibrium Measurements of Free Energy Differences for Microscopically Reversible Markovian Systems}},
  journal={J. Statis. Phys.},
  volume={90},
  pages={1481},
  year={1998},
}

@article{DarveJCP2001,
  author = {Darve, Eric and Pohorille, Andrew},
  title = {Calculating free energies using average force},
  journal = {J. Chem. Phys.},
  volume = {115},
  number = {20},
  pages = {9169-9183},
  year = {2001},
  doi = {10.1063/1.1410978},
  URL = {http://dx.doi.org/10.1063/1.1410978}, 
}

@article{GumbartJCTC2013,
  author = {Gumbart, James C. and Roux, Beno\^{i}t and Chipot, Christophe},
  title = {Standard Binding Free Energies from Computer Simulations: What Is the Best Strategy?},
  journal = {J. Chem. Theory Comput.},
  volume = {9},
  number = {1},
  pages = {794-802},
  year = {2013},
  doi = {10.1021/ct3008099},
}

@article{GallicchioJPCB2005,
  author = {Gallicchio, Emilio and Andrec, Michael and Felts, Anthony K. and Levy, Ronald M.},
  title = {{Temperature Weighted Histogram Analysis Method, Replica Exchange, and Transition Paths}},
  journal = {J. Phys. Chem. B},
  volume = {109},
  number = {14},
  pages = {6722-6731},
  year = {2005},
  doi = {10.1021/jp045294f},
  URL = {http://dx.doi.org/10.1021/jp045294f}, 
}

@article{GilsonBJ1997,
  author = {Gilson, M.K. and Given, J.A. and Bush, B.L. and McCammon, J.A.},
  title = {The statistical-thermodynamic basis for computation of binding affinities: a critical review},
  journal = {Biophys. J.},
  volume = {72},
  number = {3},
  pages = {1047-1069},
  year = {1997},
  doi = {http://dx.doi.org/10.1016/S0006-3495(97)78756-3},
  url = {http://www.sciencedirect.com/science/article/pii/S0006349597787563},
}

@article{HummerJCP1996,
  author = {Gerhard Hummer and Attila Szabo},
  title = {Calculation of free-Energy differences from computer simulations of initial and final states},
  journal = {J. Chem. Phys.},
  volume = {105},
  number = {5},
  pages = {2004-2010},
  year = {1996},
  doi = {10.1063/1.472068},
}

@article{JarzynskiPRL1997,
  author={Jarzynski, C.},
  title={{Nonequilibrium Equality for Free Energy Differences}},
  journal={Phys. Rev. Lett.},
  volume={78},
  pages={2690},
  year={1997},
}

@article{KirkwoodJCP1935,
  author = {Kirkwood, John G.},
  title = {Statistical Mechanics of Fluid Mixtures},
  journal = {J. Chem. Phys.},
  volume = {3},
  number = {5}, 
  pages = {300-313},
  year = {1935},
}

@article{LaioPNAS2002,
  author = {Laio, Alessandro and Parrinello, Michele}, 
  title = {Escaping free-energy minima},
  journal = {Proc. Natl. Acad. Sci. U. S. A.}, 
  volume = {99}, 
  number = {20}, 
  pages = {12562-12566}, 
  year = {2002}, 
  doi = {10.1073/pnas.202427399}, 
  URL = {http://www.pnas.org/content/99/20/12562.abstract}, 
}

@article{LeeJCTC2014,
  author = {Lee, Juyong and Miller, Benjamin T. and DamjanoviÄ‡, Ana and Brooks, Bernard R.},
  title = {Constant pH Molecular Dynamics in Explicit Solvent with Enveloping Distribution Sampling and Hamiltonian Exchange},
  journal = {J. Chem. Theory Comput.},
  volume = {10},
  number = {7},
  pages = {2738-2750},
  year = {2014},
  doi = {10.1021/ct500175m},
  URL = {http://dx.doi.org/10.1021/ct500175m},
}

@article{MengJCTC2010,
  author = {Meng, Yilin and Roitberg, Adrian E.},
  title = {Constant pH Replica Exchange Molecular Dynamics in Biomolecules Using a Discrete Protonation Model},
  journal = {J. Chem. Theory Comput.},
  volume = {6},
  number = {4},
  pages = {1401-1412},
  year = {2010},
  doi = {10.1021/ct900676b},
  URL = {http://dx.doi.org/10.1021/ct900676b},
}

@article{MordasiniJPCB2000,
  author = {Mordasini, Tiziana Z. and McCammon, J. Andrew},
  title = {{Calculations of Relative Hydration Free Energies:  A Comparative Study Using Thermodynamic Integration and an Extrapolation Method Based on a Single Reference State}},
  journal = {J. Phys. Chem. B},
  number = {2},
  pages = {360--367},
  volume = {104},
  year = {2000},
  doi = {10.1021/jp993102o},
  url = {http://pubs.acs.org/doi/abs/10.1021/jp993102o},
}

@article{NielsJCTC2014,
  author = {Hansen, Niels and van Gunsteren, Wilfred F.},
  title = {Practical Aspects of Free-Energy Calculations: A Review},
  journal = {J. Chem. Theory Comput.},
  volume = {10},
  number = {7},
  pages = {2632-2647},
  year = {2014},
  doi = {10.1021/ct500161f},
  URL = {http://dx.doi.org/10.1021/ct500161f},
}

@misc{ShirtsarXiv2017,
  author = {Shirts, Michael R.},
  title = {{Reweighting from the mixture distribution as a better way to describe the Multistate Bennett Acceptance Ratio}},
  howpublished = {arXiv.org},
  pages = {1704.00891},
  year = {2017},
  note = {https://arxiv.org/abs/1704.00891},
}

@article{SwansonBJ2004,
  author = {Swanson, Jessica M.J. and Henchman, Richard H. and McCammon, J. Andrew},
  title = {{Revisiting Free Energy Calculations: A Theoretical Connection to MM/PBSA and Direct Calculation of the Association Free Energy}},
  journal = {Biophys. J.},
  volume = {86},
  number = {1},
  pages = {67-74},
  year = {2004},
  doi = {https://doi.org/10.1016/S0006-3495(04)74084-9},
  url = {http://www.sciencedirect.com/science/article/pii/S0006349504740849},
}

@article{ShirtsPRL2003,
  author = {Shirts, Michael R. and Bair, Eric and Hooker, Giles and Pande, Vijay S.},
  title = {{Equilibrium Free Energies from Nonequilibrium Measurements Using Maximum-Likelihood Methods}},
  journal = {Phys. Rev. Lett.},
  volume = {91},
  issue = {14},
  pages = {140601},
  year = {2003},
  doi = {10.1103/PhysRevLett.91.140601},
  url = {https://link.aps.org/doi/10.1103/PhysRevLett.91.140601}
}

@article{SugitaCPL1999,
  author = {Sugita, Yuji and Okamoto, Yuko},
  title = {Replica-exchange molecular dynamics method for protein folding},
  journal = {Chem. Phys. Lett.},
  volume = {314},
  number = {1},
  pages = {141--151},
  year = {1999},
  doi = {http://dx.doi.org/10.1016/S0009-2614(99)01123-9},
  url = {http://www.sciencedirect.com/science/article/pii/S0009261499011239},
}

@article{TanJCP2012,
  author = {Tan, Zhiqiang and Gallicchio, Emilio and Lapelosa, Mauro and Levy, Ronald M.},
  title = {{Theory of Binless Multi-state Free Energy Estimation with Applications to Protein-ligand Binding}},
  journal = {J. Chem. Phys.},
  volume = {136},
  number = {14},
  pages = {144102},
  year = {2012},
  doi = {10.1063/1.3701175},
  url = {http://dx.doi.org/10.1063/1.3701175},
}

@article{TorrieJComputP1977,
  author = {Torrie, G.M. and Valleau, J.P.},
  title = {{Nonphysical Sampling Distributions in Monte Carlo Free-energy Estimation: Umbrella Sampling}},
  journal = {J. Comput. Phys.},
  volume = {23},
  number = {2},
  pages = {187-199},
  year = {1977},
  doi = {http://dx.doi.org/10.1016/0021-9991(77)90121-8},
  url = {http://www.sciencedirect.com/science/article/pii/0021999177901218},
}

@article{ZwanzigJCP1954,
  author = {Zwanzig, Robert W.},
  title = {{High-Temperature Equation of State by a Perturbation Method. I. Nonpolar Gases}},
  journal = {J. Chem. Phys.},
  number = {8},
  pages = {1420},
  volume = {22},
  year = {1954},
  doi = {10.1063/1.1740409},
}

@article{ZhangMS2016,
  author = {Zhang, Cheng and Lai, Chun-Liang and Pettitt, B. Montgomery},
  title = {Accelerating the weighted histogram analysis method by direct inversion in the iterative subspace},
  journal = {Mol. Simulat.},
  volume = {42},
  number = {13},
  pages = {1079-1089},
  year = {2016},
  doi = {10.1080/08927022.2015.1110583},
  url = {http://dx.doi.org/10.1080/08927022.2015.1110583},
}

@article{ZhengPNAS2008,
  author = {Zheng, Lianqing and Chen, Mengen and Yang, Wei}, 
  title = {Random walk in orthogonal space to achieve efficient free-energy simulation of complex systems},
  journal = {Proc. Natl. Acad. Sci. U. S. A.}, 
  volume = {105}, 
  number = {51}, 
  pages = {20227-20232}, 
  year = {2008}, 
  doi = {10.1073/pnas.0810631106}, 
  url = {http://www.pnas.org/content/105/51/20227.abstract}, 
}


